<record><leader>00000cas a2200000 a 4500</leader><controlfield tag="001">32995249</controlfield><controlfield tag="008">950816d19952004azuwr n       0   a0eng d</controlfield><datafield ind1=" " ind2=" " tag="010"><subfield code="a">sn 00060086 </subfield></datafield><datafield ind1=" " ind2=" " tag="040"><subfield code="a">AZT</subfield><subfield code="b">eng</subfield><subfield code="c">AZT</subfield><subfield code="d">ANN</subfield><subfield code="d">OCLCQ</subfield><subfield code="d">AZP</subfield><subfield code="d">OCLCQ</subfield><subfield code="d">OCLCO</subfield><subfield code="d">OCLCF</subfield></datafield><datafield ind1=" " ind2=" " tag="037"><subfield code="b">EXPLORER Newspapers, 7235 N. Paseo del Norte, Tucson, AZ 85704</subfield></datafield><datafield ind1=" " ind2=" " tag="043"><subfield code="a">n-us-az</subfield></datafield><datafield ind1="0" ind2=" " tag="130"><subfield code="a">Northwest explorer (Tucson, Ariz.)</subfield></datafield><datafield ind1="1" ind2="0" tag="245"><subfield code="a">Northwest EXPLORER.</subfield></datafield><datafield ind1=" " ind2=" " tag="260"><subfield code="a">Tucson, Ariz. :</subfield><subfield code="b">Oro Valley Pub. LLC,</subfield><subfield code="c">[1995?]-2004.</subfield></datafield><datafield ind1=" " ind2=" " tag="300"><subfield code="a">v. :</subfield><subfield code="b">ill. ;</subfield><subfield code="c">30 cm.</subfield></datafield><datafield ind1=" " ind2=" " tag="310"><subfield code="a">Weekly</subfield></datafield><datafield ind1=" " ind2=" " tag="321"><subfield code="a">Semimonthly</subfield></datafield><datafield ind1="0" ind2=" " tag="362"><subfield code="a">-v. 11, no. 52 (Dec. 29, 2004).</subfield></datafield><datafield ind1=" " ind2=" " tag="500"><subfield code="a">Published by EXPLORER Newspapers, Inc., &lt;1996&gt;-</subfield></datafield><datafield ind1=" " ind2=" " tag="500"><subfield code="a">Serving the communities of Casas Adobes, Catalina, Marana, Oracle, Saddlebrooke, San Manuel, Sun City, Tortolita, Tucson.</subfield></datafield><datafield ind1=" " ind2=" " tag="588"><subfield code="a">Description based on: Vol. 1, no. 2, June 8, 1995.</subfield></datafield><datafield ind1=" " ind2=" " tag="588"><subfield code="a">Latest issue consulted: Vol. 7, no. 40 (Oct. 11, 2000).</subfield></datafield><datafield ind1=" " ind2="0" tag="651"><subfield code="a">Tucson (Ariz.)</subfield><subfield code="v">Newspapers.</subfield></datafield><datafield ind1=" " ind2="0" tag="651"><subfield code="a">Pima County (Ariz.)</subfield><subfield code="v">Newspapers.</subfield></datafield><datafield ind1=" " ind2="7" tag="655"><subfield code="a">Newspapers.</subfield><subfield code="2">fast</subfield><subfield code="0">(OCoLC)fst01423814</subfield></datafield><datafield ind1=" " ind2="7" tag="651"><subfield code="a">Arizona</subfield><subfield code="z">Pima County.</subfield><subfield code="2">fast</subfield><subfield code="0">(OCoLC)fst01205717</subfield></datafield><datafield ind1=" " ind2="7" tag="651"><subfield code="a">Arizona</subfield><subfield code="z">Tucson.</subfield><subfield code="2">fast</subfield><subfield code="0">(OCoLC)fst01205454</subfield></datafield><datafield ind1=" " ind2=" " tag="752"><subfield code="a">United States</subfield><subfield code="b">Arizona</subfield><subfield code="c">Pima</subfield><subfield code="d">Tucson.</subfield></datafield><datafield ind1="0" ind2="1" tag="780"><subfield code="t">Oro Valley EXPLORER</subfield><subfield code="w">(DLC)sn2001060073</subfield></datafield><datafield ind1="0" ind2="0" tag="785"><subfield code="t">Explorer</subfield><subfield code="w">(DLC)sn2006062603</subfield></datafield><datafield ind1="4" ind2=" " tag="856"><subfield code="u">http://www.explorernews.com</subfield></datafield></record>